<record><leader>00000cas a2200000 a 4500</leader><controlfield tag="001">19867935</controlfield><controlfield tag="008">890614d19051920fluwr ne      0   a0eng c</controlfield><datafield ind1=" " ind2=" " tag="010"><subfield code="a">sn 89058426 </subfield></datafield><datafield ind1=" " ind2=" " tag="040"><subfield code="a">KNP</subfield><subfield code="b">eng</subfield><subfield code="c">KNP</subfield><subfield code="d">FUG</subfield><subfield code="d">OCLCQ</subfield><subfield code="d">DLC</subfield><subfield code="d">FUG</subfield><subfield code="d">OCLCQ</subfield><subfield code="d">OCLCF</subfield><subfield code="d">OCLCO</subfield></datafield><datafield ind1=" " ind2=" " tag="012"><subfield code="i">9602</subfield></datafield><datafield ind1=" " ind2=" " tag="019"><subfield code="a">994598033</subfield></datafield><datafield ind1="1" ind2=" " tag="022"><subfield code="a">1941-3041</subfield><subfield code="l">1941-3041</subfield><subfield code="2">1</subfield></datafield><datafield ind1="1" ind2=" " tag="029"><subfield code="a">AU@</subfield><subfield code="b">000020561736</subfield></datafield><datafield ind1="1" ind2=" " tag="029"><subfield code="a">NZ1</subfield><subfield code="b">16070509</subfield></datafield><datafield ind1=" " ind2=" " tag="042"><subfield code="a">pcc</subfield><subfield code="a">nsdp</subfield></datafield><datafield ind1=" " ind2=" " tag="043"><subfield code="a">n-us-fl</subfield></datafield><datafield ind1="0" ind2="0" tag="050"><subfield code="a">Newspaper</subfield></datafield><datafield ind1=" " ind2="4" tag="222"><subfield code="a">The St. Lucie County tribune</subfield></datafield><datafield ind1="0" ind2="4" tag="245"><subfield code="a">The St. Lucie County tribune.</subfield></datafield><datafield ind1="3" ind2=" " tag="246"><subfield code="a">Saint Lucie County tribune</subfield></datafield><datafield ind1="3" ind2="0" tag="246"><subfield code="a">St. Lucie tribune</subfield></datafield><datafield ind1=" " ind2=" " tag="260"><subfield code="a">Fort Pierce, St. Lucie County, Fla. :</subfield><subfield code="b">Wilson &amp; Reed,</subfield><subfield code="c">-1920.</subfield></datafield><datafield ind1=" " ind2=" " tag="300"><subfield code="a">v. :</subfield><subfield code="b">ill.</subfield></datafield><datafield ind1=" " ind2=" " tag="310"><subfield code="a">Weekly,</subfield><subfield code="b">Mar. 16, 1920</subfield></datafield><datafield ind1=" " ind2=" " tag="321"><subfield code="a">Semiweekly,</subfield><subfield code="b">&lt;July 23, 1918&gt;-Mar. 12, 1920</subfield></datafield><datafield ind1=" " ind2=" " tag="321"><subfield code="a">Weekly,</subfield><subfield code="b">&lt;1905-1917&gt;</subfield></datafield><datafield ind1="1" ind2=" " tag="362"><subfield code="a">Began July 21, 1905.</subfield></datafield><datafield ind1="0" ind2=" " tag="362"><subfield code="a">-v. 15, no. 43 (Mar. 16, 1920).</subfield></datafield><datafield ind1=" " ind2=" " tag="500"><subfield code="a">Publisher: A.K. Wilson, &lt;1918&gt;; The News Print. Co., Inc., &lt;1920&gt;.</subfield></datafield><datafield ind1=" " ind2=" " tag="500"><subfield code="a">Vol. 15, no. 43 (Mar. 16, 1920).</subfield></datafield><datafield ind1="1" ind2=" " tag="520"><subfield code="a">Almost as old as Fort Pierce (FL), the city it serves, the St. Lucie County (FL) Tribune [LCCN: sn89058426] date back to 1905. It occasionally bore the alternate title of St. Lucie Tribune. And, it published alternating as a weekly and a semi-weekly during its early years. Only the Fort Pierce (FL) News [LCCN: sn96027172], launched in December 1902, began publication earlier in Fort Pierce. The two weekly newspapers merged in 1920 and became the Fort Pierce (FL) News Tribune [LCCN: sn96027171]. The newspaper continued to grow with the area and became a daily after 1926. St. Lucie Count was established in 1905, separated from Brevard County (FL). Fort Pierce, located on the Indian River, was incorporated in 1901 and named as the new County's seat of government. Fishing was key to the early economy of the City of Fort Pierce. Pineapple was the agricultural king of St. Lucie county from the turn of the 20th century until its collapse following World War I. --E. Kesse, University of Florida Digital Library Center.</subfield></datafield><datafield ind1=" " ind2=" " tag="530"><subfield code="a">Archived issues are available in digital format as part of the Library of Congress Chronicling America online collection.</subfield></datafield><datafield ind1=" " ind2=" " tag="588"><subfield code="a">Description based on: Vol. 1, no. 2 (July 28, 1905).</subfield></datafield><datafield ind1=" " ind2="0" tag="651"><subfield code="a">Fort Pierce (Fla.)</subfield><subfield code="v">Newspapers.</subfield></datafield><datafield ind1=" " ind2="0" tag="651"><subfield code="a">Saint Lucie County (Fla.)</subfield><subfield code="v">Newspapers.</subfield></datafield><datafield ind1=" " ind2="7" tag="655"><subfield code="a">Newspapers.</subfield><subfield code="2">fast</subfield><subfield code="0">(OCoLC)fst01423814</subfield></datafield><datafield ind1=" " ind2="7" tag="651"><subfield code="a">Florida</subfield><subfield code="z">Fort Pierce.</subfield><subfield code="2">fast</subfield><subfield code="0">(OCoLC)fst01216524</subfield></datafield><datafield ind1=" " ind2="7" tag="651"><subfield code="a">Florida</subfield><subfield code="z">Saint Lucie County.</subfield><subfield code="2">fast</subfield><subfield code="0">(OCoLC)fst01210220</subfield></datafield><datafield ind1=" " ind2=" " tag="752"><subfield code="a">United States</subfield><subfield code="b">Florida</subfield><subfield code="c">Saint Lucie County</subfield><subfield code="d">Fort Pierce.</subfield></datafield><datafield ind1="0" ind2="7" tag="785"><subfield code="t">Fort Pierce news</subfield><subfield code="w">(DLC)sn 96027172</subfield><subfield code="w">(OCoLC)34201405</subfield></datafield><datafield ind1="0" ind2="7" tag="785"><subfield code="t">Fort Pierce news-tribune</subfield><subfield code="w">(DLC)sn 96027171</subfield><subfield code="w">(OCoLC)1379259</subfield></datafield><datafield ind1=" " ind2=" " tag="850"><subfield code="a">FU</subfield></datafield><datafield ind1="4" ind2="1" tag="856"><subfield code="u">http://www.loc.gov/chroniclingamerica/lccn/sn89058426/issues</subfield></datafield></record>